@article{chandrasekaran1977minimal,
  title     = {Minimal ratio spanning trees},
  author    = {Chandrasekaran, R},
  journal   = {Networks},
  volume    = {7},
  number    = {4},
  pages     = {335--342},
  year      = {1977},
  publisher = {Wiley Online Library}
}